@book{bell1986men,
  title={Men of Mathematics},
  author={Bell, E.T.},
  isbn={9780671628185},
  lccn={37027177},
  series={A Fireside book},
  url={https://books.google.com.tr/books?id=BLFL3coT5i4C},
  year={1986},
  publisher={Touchstone}
}

@book{rudin1976principles,
  title={Principles of Mathematical Analysis},
  author={Rudin, W.},
  isbn={9780070856134},
  lccn={75179033},
  series={International series in pure and applied mathematics},
  url={https://books.google.com.tr/books?id=kwqzPAAACAAJ},
  year={1976},
  publisher={McGraw-Hill}
}

@book{phillips2003interpolation,
  title={Interpolation and Approximation by Polynomials},
  author={Phillips, G.M.},
  isbn={9780387002156},
  lccn={2002042735},
  series={CMS Books in Mathematics},
  url={https://books.google.com.tr/books?id=87vciTxMcF8C},
  year={2003},
  publisher={Springer}
}

@article{bernstein1912démo,
  title={Démonstration du théorème de Weierstrass fondée sur le calcul des probabilités},
  author={S. N. Bernstein},
  journal={Communications de la Société Mathématique de Kharkov},
  volume={13},
  number={1},
  pages={1--2},
  year={1912},
}

@misc{bernstein2023encyclopedia,
  author       = {Gale},
  title        = {Bernstein, Sergey Natanovich},
  year         = {2023},
  howpublished = {Encyclopedia.com},
  note         = {Available online: \url{https://www.encyclopedia.com/science/dictionaries-thesauruses-pictures-and-press-releases/bernstein-sergey-natanovich} (Accessed on January 7, 2024)},
  urldate      = {2024-01-07}
}